
@article{amasino2019AmountTimeExert,
  title     = {Amount and Time Exert Independent Influences on Intertemporal Choice},
  author    = {Amasino, Dianna R. and Sullivan, Nicolette J. and Kranton, Rachel E. and Huettel, Scott A.},
  year      = {2019},
  volume    = {3},
  pages     = {383--392},
  publisher = {{Nature Publishing Group}},
  doi       = {10.1038/s41562-019-0537-2},
  copyright = {2019 The Author(s), under exclusive licence to Springer Nature Limited},
  journal   = {Nature Human Behaviour},
  number    = {4}
}

@article{armel2008BiasingSimpleChoices,
  title   = {Biasing Simple Choices by Manipulating Relative Visual Attention},
  author  = {Armel, K Carrie and Beaumel, Aurelie and Rangel, Antonio},
  year    = {2008},
  volume  = {3},
  pages   = {8},
  journal = {Judgment and Decision Making},
  number  = {5}
}

@article{ashby2016FindingRightFit,
  title      = {Finding the Right Fit: {{A}} Comparison of Process Assumptions Underlying Popular Drift-Diffusion Models},
  shorttitle = {Finding the Right Fit},
  author     = {Ashby, Nathaniel J. S. and Jekel, Marc and Dickert, Stephan and Gl{\"o}ckner, Andreas},
  year       = {2016},
  volume     = {42},
  pages      = {1982--1993},
  doi        = {10.1037/xlm0000279},
  journal    = {Journal of Experimental Psychology: Learning, Memory, and Cognition},
  number     = {12}
}

@article{berkowitsch2014RigorouslyTestingMultialternative,
  title   = {Rigorously Testing Multialternative Decision Field Theory against Random Utility Models},
  author  = {Berkowitsch, Nicolas A. J. and Scheibehenne, Benjamin and Rieskamp, J{\"o}rg},
  year    = {2014},
  volume  = {143},
  pages   = {1331--1348},
  doi     = {10.1037/a0035159},
  journal = {Journal of Experimental Psychology: General},
  number  = {3}
}

@article{bhatia2013AssociationsAccumulationPreference,
  title   = {Associations and the Accumulation of Preference},
  author  = {Bhatia, Sudeep},
  year    = {2013},
  volume  = {120},
  pages   = {522--543},
  doi     = {10.1037/a0032457},
  journal = {Psychological Review},
  number  = {3}
}

@incollection{bockenholt1992MultivariateModelsPreference,
  title     = {Multivariate Models of Preference and Choice},
  booktitle = {Multidimensional Models of Perception and Cognition},
  author    = {B{\"o}ckenholt, Ulf},
  year      = {1992},
  pages     = {89--113},
  publisher = {{Lawrence Erlbaum Associates, Inc}},
  address   = {{Hillsdale, NJ, US}},
  isbn      = {978-0-8058-0577-2},
  series    = {Scientific Psychology Series}
}

@article{brainard1997psychophysics,
  title     = {The Psychophysics Toolbox},
  author    = {Brainard, David H},
  year      = {1997},
  volume    = {10},
  pages     = {433--436},
  publisher = {{Brill}},
  journal   = {Spatial vision},
  number    = {4}
}

@article{busemeyer2002SurveyDecisionField,
  ids     = {busemeyerSurveyDecisionField2002a},
  title   = {Survey of Decision Field Theory},
  author  = {Busemeyer, Jerome R. and Diederich, Adele},
  year    = {2002},
  volume  = {43},
  pages   = {345--370},
  doi     = {10.1016/S0165-4896(02)00016-1},
  journal = {Mathematical Social Sciences},
  number  = {3},
  series  = {Random {{Utility Theory}} and {{Probabilistic}} Measurement Theory}
}

@article{busemeyer2019CognitiveNeuralBases,
  title   = {Cognitive and {{Neural Bases}} of {{Multi}}-{{Attribute}}, {{Multi}}-{{Alternative}}, {{Value}}-Based {{Decisions}}},
  author  = {Busemeyer, Jerome R. and Gluth, Sebastian and Rieskamp, J{\"o}rg and Turner, Brandon M.},
  year    = {2019},
  volume  = {23},
  pages   = {251--263},
  doi     = {10.1016/j.tics.2018.12.003},
  journal = {Trends in Cognitive Sciences},
  number  = {3}
}

@article{cataldo2019ComparisonProcessAccount,
  title   = {The Comparison Process as an Account of Variation in the Attraction, Compromise, and Similarity Effects},
  author  = {Cataldo, Andrea M. and Cohen, Andrew L.},
  year    = {2019},
  volume  = {26},
  pages   = {934--942},
  doi     = {10.3758/s13423-018-1531-9},
  journal = {Psychonomic Bulletin \& Review},
  number  = {3}
}

@article{cavagnaro2013DiscriminatingProbabilityWeighting,
  title   = {Discriminating among Probability Weighting Functions Using Adaptive Design Optimization},
  author  = {Cavagnaro, Daniel R. and Pitt, Mark A. and Gonzalez, Richard and Myung, Jay I.},
  year    = {2013},
  volume  = {47},
  pages   = {255--289},
  doi     = {10.1007/s11166-013-9179-3},
  journal = {Journal of Risk and Uncertainty},
  number  = {3}
}

@article{cavanagh2014EyeTrackingPupillometry,
  title   = {Eye Tracking and Pupillometry Are Indicators of Dissociable Latent Decision Processes},
  author  = {Cavanagh, James F. and Wiecki, Thomas V. and Kochar, Angad and Frank, Michael J.},
  year    = {2014},
  volume  = {143},
  pages   = {1476--1488},
  doi     = {10.1037/a0035813},
  journal = {Journal of Experimental Psychology. General},
  number  = {4},
  pmcid   = {PMC4114997},
  pmid    = {24548281}
}

@article{cohen2017MultiattributeMultialternativeModels,
  title      = {Multi-Attribute, Multi-Alternative Models of Choice: {{Choice}}, Reaction Time, and Process Tracing},
  shorttitle = {Multi-Attribute, Multi-Alternative Models of Choice},
  author     = {Cohen, Andrew L. and Kang, Namyi and Leise, Tanya L.},
  year       = {2017},
  volume     = {98},
  pages      = {45--72},
  doi        = {10.1016/j.cogpsych.2017.08.001},
  journal    = {Cognitive Psychology}
}

@article{evans2021ImpactPresentationOrder,
  title     = {The Impact of Presentation Order on Attraction and Repulsion Effects in Decision-Making},
  author    = {Evans, Nathan J. and Holmes, William R. and Dasari, Aneesha and Trueblood, Jennifer S.},
  year      = {2021},
  volume    = {8},
  pages     = {36--54},
  publisher = {{Educational Publishing Foundation}},
  address   = {{US}},
  doi       = {10.1037/dec0000144},
  journal   = {Decision},
  number    = {1}
}

@article{fiedler2012DynamicsDecisionMaking,
  title      = {The {{Dynamics}} of {{Decision Making}} in {{Risky Choice}}: {{An Eye}}-{{Tracking Analysis}}},
  shorttitle = {The {{Dynamics}} of {{Decision Making}} in {{Risky Choice}}},
  author     = {Fiedler, Susann and Gl{\"o}ckner, Andreas},
  year       = {2012},
  volume     = {3},
  publisher  = {{Frontiers}},
  doi        = {10.3389/fpsyg.2012.00335},
  journal    = {Frontiers in Psychology}
}

@article{fisher2017AttentionalDriftDiffusion,
  title   = {An Attentional Drift Diffusion Model over Binary-Attribute Choice},
  author  = {Fisher, Geoffrey},
  year    = {2017},
  volume  = {168},
  pages   = {34--45},
  doi     = {10.1016/j.cognition.2017.06.007},
  journal = {Cognition}
}

@article{folke2016ExplicitRepresentationConfidence,
  title     = {Explicit Representation of Confidence Informs Future Value-Based Decisions},
  author    = {Folke, Tomas and Jacobsen, Catrine and Fleming, Stephen M. and Martino, Benedetto De},
  year      = {2016},
  volume    = {1},
  pages     = {1--8},
  doi       = {10.1038/s41562-016-0002},
  copyright = {2016 Nature Publishing Group},
  journal   = {Nature Human Behaviour},
  number    = {1}
}

@article{glickman2019FormationPreferenceRisky,
  title     = {The Formation of Preference in Risky Choice},
  author    = {Glickman, Moshe and Sharoni, Orian and Levy, Dino J. and Niebur, Ernst and Stuphorn, Veit and Usher, Marius},
  year      = {2019},
  volume    = {15},
  pages     = {e1007201},
  publisher = {{Public Library of Science}},
  doi       = {10.1371/journal.pcbi.1007201},
  journal   = {PLOS Computational Biology},
  number    = {8}
}

@article{glockner2011EyetrackingStudyInformation,
  title      = {An Eye-Tracking Study on Information Processing in Risky Decisions: {{Evidence}} for Compensatory Strategies Based on Automatic Processes},
  shorttitle = {An Eye-Tracking Study on Information Processing in Risky Decisions},
  author     = {Gl{\"o}ckner, Andreas and Herbold, Ann-Katrin},
  year       = {2011},
  volume     = {24},
  pages      = {71--98},
  doi        = {10.1002/bdm.684},
  annotation = {\_eprint: https://onlinelibrary.wiley.com/doi/pdf/10.1002/bdm.684},
  copyright  = {Copyright \textcopyright{} 2010 John Wiley \& Sons, Ltd.},
  journal    = {Journal of Behavioral Decision Making},
  number     = {1}
}

@article{gluth2018ValuebasedAttentionalCapture,
  ids     = {gluthValuebasedAttentionalCapture2018a},
  title   = {Value-Based Attentional Capture Affects Multi-Alternative Decision Making},
  author  = {Gluth, Sebastian and Spektor, Mikhail S and Rieskamp, J{\"o}rg},
  editor  = {Frank, Michael J},
  year    = {2018},
  volume  = {7},
  pages   = {e39659},
  doi     = {10.7554/eLife.39659},
  journal = {eLife}
}

@article{gluth2020ValuebasedAttentionNot,
  title     = {Value-Based Attention but Not Divisive Normalization Influences Decisions with Multiple Alternatives},
  author    = {Gluth, Sebastian and Kern, Nadja and Kortmann, Maria and Vitali, C{\'e}cile L.},
  year      = {2020},
  pages     = {1--12},
  doi       = {10.1038/s41562-020-0822-0},
  copyright = {2020 The Author(s), under exclusive licence to Springer Nature Limited},
  journal   = {Nature Human Behaviour}
}

@article{harris2020array,
  title     = {Array Programming with {{NumPy}}},
  author    = {Harris, Charles R. and Millman, K. Jarrod and {van der Walt}, St'efan J. and Gommers, Ralf and Virtanen, Pauli and Cournapeau, David and Wieser, Eric and Taylor, Julian and Berg, Sebastian and Smith, Nathaniel J. and Kern, Robert and Picus, Matti and Hoyer, Stephan and {van Kerkwijk}, Marten H. and Brett, Matthew and Haldane, Allan and {del R'{\i}o}, Jaime Fern'andez and Wiebe, Mark and Peterson, Pearu and {G'erard-Marchant}, Pierre and Sheppard, Kevin and Reddy, Tyler and Weckesser, Warren and Abbasi, Hameer and Gohlke, Christoph and Oliphant, Travis E.},
  year      = {2020},
  volume    = {585},
  pages     = {357--362},
  publisher = {{Springer Science and Business Media LLC}},
  doi       = {10.1038/s41586-020-2649-2},
  journal   = {Nature},
  number    = {7825}
}

@article{hotaling2010TheoreticalDevelopmentsDecision,
  title      = {Theoretical Developments in Decision Field Theory: {{Comment}} on {{Tsetsos}}, {{Usher}}, and {{Chater}} (2010)},
  shorttitle = {Theoretical Developments in Decision Field Theory},
  author     = {Hotaling, Jared M. and Busemeyer, Jerome R. and Li, Jiyun},
  year       = {2010},
  volume     = {117},
  pages      = {1294--1298},
  doi        = {10.1037/a0020401},
  journal    = {Psychological Review},
  number     = {4}
}

@article{huber1982AddingAsymmetricallyDominated,
  title      = {Adding {{Asymmetrically Dominated Alternatives}}: {{Violations}} of {{Regularity}} and the {{Similarity Hypothesis}}},
  shorttitle = {Adding {{Asymmetrically Dominated Alternatives}}},
  author     = {Huber, Joel and Payne, John W. and Puto, Christopher},
  year       = {1982},
  volume     = {9},
  pages      = {90--98},
  doi        = {10.1086/208899},
  journal    = {Journal of Consumer Research},
  number     = {1}
}

@article{hunter2007Matplotlib2DGraphics,
  title      = {Matplotlib: {{A 2D Graphics Environment}}},
  shorttitle = {Matplotlib},
  author     = {Hunter, John D.},
  year       = {2007},
  volume     = {9},
  pages      = {90--95},
  doi        = {10.1109/MCSE.2007.55},
  journal    = {Computing in Science \& Engineering},
  number     = {3}
}

@article{johnson2008ProcessModelsDeserve,
  title      = {Process Models Deserve Process Data: {{Comment}} on {{Brandst\"atter}}, {{Gigerenzer}}, and {{Hertwig}} (2006)},
  shorttitle = {Process Models Deserve Process Data},
  author     = {Johnson, Eric J. and {Schulte-Mecklenbeck}, Michael and Willemsen, Martijn C.},
  year       = {2008},
  volume     = {115},
  pages      = {263--272},
  doi        = {10.1037/0033-295X.115.1.263},
  journal    = {Psychological Review},
  number     = {1}
}

@article{jones2001SciPyOpenSource,
  title      = {{{SciPy}}: {{Open Source Scientific Tools}} for {{Python}}},
  shorttitle = {{{SciPy}}},
  author     = {Jones, E. and Oliphant, T. and Peterson, P.},
  year       = {2001}
}

@article{kahneman1979ProspectTheoryAnalysis,
  title      = {Prospect {{Theory}}: {{An Analysis}} of {{Decision}} under {{Risk}}},
  shorttitle = {Prospect {{Theory}}},
  author     = {Kahneman, Daniel and Tversky, Amos},
  year       = {1979},
  volume     = {47},
  pages      = {263--291},
  doi        = {10.2307/1914185},
  journal    = {Econometrica},
  number     = {2}
}

@article{krajbich2010VisualFixationsComputation,
  title   = {Visual Fixations and the Computation and Comparison of Value in Simple Choice},
  author  = {Krajbich, Ian and Armel, Carrie and Rangel, Antonio},
  year    = {2010},
  volume  = {13},
  pages   = {1292--1298},
  doi     = {10.1038/nn.2635},
  journal = {Nature Neuroscience},
  number  = {10},
  pmid    = {20835253}
}

@article{krajbich2011MultialternativeDriftdiffusionModel,
  title   = {Multialternative Drift-Diffusion Model Predicts the Relationship between Visual Fixations and Choice in Value-Based Decisions},
  author  = {Krajbich, Ian and Rangel, Antonio},
  year    = {2011},
  volume  = {108},
  pages   = {13852--13857},
  doi     = {10.1073/pnas.1101328108},
  journal = {Proceedings of the National Academy of Sciences of the United States of America},
  number  = {33},
  pmcid   = {PMC3158210},
  pmid    = {21808009}
}

@article{krajbich2012AttentionalDriftdiffusionModel,
  title   = {The Attentional Drift-Diffusion Model Extends to Simple Purchasing Decisions},
  author  = {Krajbich, Ian and Lu, Dingchao and Camerer, Colin and Rangel, Antonio},
  year    = {2012},
  volume  = {3},
  pages   = {193},
  doi     = {10.3389/fpsyg.2012.00193},
  journal = {Frontiers in Psychology},
  pmcid   = {PMC3374478},
  pmid    = {22707945}
}

@article{kruschke2013BayesianEstimationSupersedes,
  title   = {Bayesian Estimation Supersedes the t Test},
  author  = {Kruschke, John K.},
  year    = {2013},
  volume  = {142},
  pages   = {573--603},
  doi     = {10.1037/a0029146},
  journal = {Journal of Experimental Psychology: General},
  number  = {2}
}

@book{kruschke2014DoingBayesianData,
  title       = {Doing {{Bayesian Data Analysis}}: {{A Tutorial}} with {{R}}, {{JAGS}}, and {{Stan}}},
  shorttitle  = {Doing {{Bayesian Data Analysis}}},
  author      = {Kruschke, John K.},
  year        = {2014},
  publisher   = {{Academic Press}},
  googlebooks = {FzvLAwAAQBAJ},
  isbn        = {978-0-12-405916-0}
}

@book{lee2013BayesianCognitiveModeling,
  title      = {Bayesian Cognitive Modeling: A Practical Course},
  shorttitle = {Bayesian Cognitive Modeling},
  author     = {Lee, Michael D. and Wagenmakers, Eric-Jan},
  year       = {2013},
  publisher  = {{Cambridge University Press}},
  address    = {{Cambridge ; New York}},
  annotation = {OCLC: ocn861318341},
  isbn       = {978-1-107-01845-7 978-1-107-60357-8},
  lccn       = {BF311 .L38 2013}
}

@article{liew2016AppropriacyAveragingStudy,
  title   = {The Appropriacy of Averaging in the Study of Context Effects},
  author  = {Liew, Shi Xian and Howe, Piers D. L. and Little, Daniel R.},
  year    = {2016},
  volume  = {23},
  pages   = {1639--1646},
  doi     = {10.3758/s13423-016-1032-7},
  journal = {Psychonomic Bulletin \& Review},
  number  = {5}
}

@article{liu2020ExploitingDynamicsEye,
  title      = {Exploiting the Dynamics of Eye Gaze to Bias Intertemporal Choice},
  author     = {Liu, Hong-Zhi and Lyu, Xiao-Kang and Wei, Zi-Han and Mo, Wan-Li and Luo, Jiong-Rui and Su, Xiao-Yu},
  year       = {2020},
  volume     = {n/a},
  doi        = {10.1002/bdm.2219},
  annotation = {\_eprint: https://onlinelibrary.wiley.com/doi/pdf/10.1002/bdm.2219},
  copyright  = {\textcopyright 2020. Journal of Behavioral Decision Making.},
  journal    = {Journal of Behavioral Decision Making},
  number     = {n/a}
}

@article{louie2013NormalizationGeneralNeural,
  title   = {Normalization Is a General Neural Mechanism for Context-Dependent Decision Making},
  author  = {Louie, Kenway and Khaw, Mel W. and Glimcher, Paul W.},
  year    = {2013},
  volume  = {110},
  pages   = {6139--6144},
  doi     = {10.1073/pnas.1217854110},
  journal = {Proceedings of the National Academy of Sciences},
  number  = {15},
  pmid    = {23530203}
}

@book{luce1959IndividualChoiceBehavior,
  title     = {Individual Choice Behavior},
  author    = {Luce, R. Duncan},
  year      = {1959},
  publisher = {{John Wiley}},
  address   = {{Oxford, England}},
  series    = {Individual Choice Behavior}
}

@article{marini2020AttractionComesMany,
  title   = {Attraction Comes from Many Sources: {{Attentional}} and Comparative Processes in Decoy Effects},
  author  = {Marini, Marco and Ansani, Alessandro and Paglieri, Fabio},
  year    = {2020},
  volume  = {15},
  pages   = {23},
  journal = {Judgment and Decision Making},
  number  = {5}
}

@book{mckinney2012PythonDataAnalysis,
  title       = {Python for {{Data Analysis}}: {{Data Wrangling}} with {{Pandas}}, {{NumPy}}, and {{IPython}}},
  shorttitle  = {Python for {{Data Analysis}}},
  author      = {McKinney, Wes},
  year        = {2012},
  publisher   = {{"O'Reilly Media, Inc."}},
  googlebooks = {v3n4\_AK8vu0C},
  isbn        = {978-1-4493-2361-5}
}

@article{mohr2017AttractionEffectRisky,
  title     = {Attraction {{Effect}} in {{Risky Choice Can Be Explained}} by {{Subjective Distance Between Choice Alternatives}}},
  author    = {Mohr, Peter N. C. and Heekeren, Hauke R. and Rieskamp, J{\"o}rg},
  year      = {2017},
  volume    = {7},
  pages     = {1--10},
  doi       = {10.1038/s41598-017-06968-5},
  copyright = {2017 The Author(s)},
  journal   = {Scientific Reports},
  number    = {1}
}

@article{molter2019GLAMboxPythonToolbox,
  title      = {{{GLAMbox}}: {{A Python}} Toolbox for Investigating the Association between Gaze Allocation and Decision Behaviour},
  shorttitle = {{{GLAMbox}}},
  author     = {Molter, Felix and Thomas, Armin W. and Heekeren, Hauke R. and Mohr, Peter N. C.},
  year       = {2019},
  volume     = {14},
  doi        = {10.1371/journal.pone.0226428},
  copyright  = {All rights reserved},
  journal    = {PLoS ONE},
  number     = {12},
  pmcid      = {PMC6914332},
  pmid       = {31841564}
}

@article{mullett2016ImplicationsVisualAttention,
  title   = {Implications of Visual Attention Phenomena for Models of Preferential Choice.},
  author  = {Mullett, Timothy L. and Stewart, Neil},
  year    = {2016},
  volume  = {3},
  pages   = {231},
  doi     = {10.1037/dec0000049},
  journal = {Decision},
  number  = {4}
}

@article{noguchi2014AttractionCompromiseSimilarity,
  title   = {In the Attraction, Compromise, and Similarity Effects, Alternatives Are Repeatedly Compared in Pairs on Single Dimensions},
  author  = {Noguchi, Takao and Stewart, Neil},
  year    = {2014},
  volume  = {132},
  pages   = {44--56},
  doi     = {10.1016/j.cognition.2014.03.006},
  journal = {Cognition},
  number  = {1}
}

@article{noguchi2018MultialternativeDecisionSampling,
  title      = {Multialternative Decision by Sampling: {{A}} Model of Decision Making Constrained by Process Data},
  shorttitle = {Multialternative Decision by Sampling},
  author     = {Noguchi, Takao and Stewart, Neil},
  year       = {2018},
  volume     = {125},
  pages      = {512--544},
  doi        = {10.1037/rev0000102},
  journal    = {Psychological Review},
  number     = {4}
}

@article{parnamets2015BiasingMoralDecisions,
  title   = {Biasing Moral Decisions by Exploiting the Dynamics of Eye Gaze},
  author  = {P{\"a}rnamets, Philip and Johansson, Petter and Hall, Lars and Balkenius, Christian and Spivey, Michael J. and Richardson, Daniel C.},
  year    = {2015},
  volume  = {112},
  pages   = {4170--4175},
  doi     = {10.1073/pnas.1415250112},
  journal = {Proceedings of the National Academy of Sciences of the United States of America},
  number  = {13},
  pmcid   = {PMC4386374},
  pmid    = {25775604}
}

@article{payne1976TaskComplexityContingent,
  title      = {Task Complexity and Contingent Processing in Decision Making: {{An}} Information Search and Protocol Analysis},
  shorttitle = {Task Complexity and Contingent Processing in Decision Making},
  author     = {Payne, John W.},
  year       = {1976},
  volume     = {16},
  pages      = {366--387},
  doi        = {10.1016/0030-5073(76)90022-2},
  journal    = {Organizational Behavior and Human Performance},
  number     = {2}
}

@book{penny2011statistical,
  title     = {Statistical Parametric Mapping: The Analysis of Functional Brain Images},
  author    = {Penny, William D and Friston, Karl J and Ashburner, John T and Kiebel, Stefan J and Nichols, Thomas E},
  year      = {2011},
  publisher = {{Elsevier}}
}

@article{pythonternary,
  title   = {Python-Ternary: {{Ternary}} Plots in Python},
  author  = {Harper, Marc and others},
  doi     = {10.5281/zenodo.594435},
  journal = {Zenodo 10.5281/zenodo.594435}
}

@article{rieskamp2006ExtendingBoundsRationality,
  title      = {Extending the {{Bounds}} of {{Rationality}}: {{Evidence}} and {{Theories}} of {{Preferential Choice}}},
  shorttitle = {Extending the {{Bounds}} of {{Rationality}}},
  author     = {Rieskamp, J{\"o}rg and Busemeyer, Jerome R. and Mellers, Barbara A.},
  year       = {2006},
  volume     = {44},
  pages      = {631--661},
  doi        = {10.1257/jel.44.3.631},
  journal    = {Journal of Economic Literature},
  number     = {3}
}

@article{rigoux2014BayesianModelSelection,
  title   = {Bayesian Model Selection for Group Studies \textemdash{} {{Revisited}}},
  author  = {Rigoux, L. and Stephan, K. E. and Friston, K. J. and Daunizeau, J.},
  year    = {2014},
  volume  = {84},
  pages   = {971--985},
  doi     = {10.1016/j.neuroimage.2013.08.065},
  journal = {NeuroImage}
}

@article{roe2001MultialternativeDecisionField,
  title      = {Multialternative Decision Field Theory: {{A}} Dynamic Connectionst Model of Decision Making},
  shorttitle = {Multialternative Decision Field Theory},
  author     = {Roe, Robert M. and Busemeyer, Jermone R. and Townsend, James T.},
  year       = {2001},
  volume     = {108},
  pages      = {370--392},
  doi        = {10.1037/0033-295X.108.2.370},
  journal    = {Psychological Review},
  number     = {2}
}

@article{rouault2019PrefrontalMechanismsCombining,
  title     = {Prefrontal Mechanisms Combining Rewards and Beliefs in Human Decision-Making},
  author    = {Rouault, Marion and Drugowitsch, Jan and Koechlin, Etienne},
  year      = {2019},
  volume    = {10},
  pages     = {1--16},
  doi       = {10.1038/s41467-018-08121-w},
  copyright = {2019 The Author(s)},
  journal   = {Nature Communications},
  number    = {1}
}

@article{russo1983StrategiesMultiattributeBinary,
  title   = {Strategies for Multiattribute Binary Choice},
  author  = {Russo, J. Edward and Dosher, Barbara A.},
  year    = {1983},
  volume  = {9},
  pages   = {676--696},
  doi     = {10.1037/0278-7393.9.4.676},
  journal = {Journal of Experimental Psychology: Learning, Memory, and Cognition},
  number  = {4}
}

@article{salvatier2016ProbabilisticProgrammingPython,
  title   = {Probabilistic Programming in {{Python}} Using {{PyMC3}}},
  author  = {Salvatier, John and Wiecki, Thomas V. and Fonnesbeck, Christopher},
  year    = {2016},
  volume  = {2},
  pages   = {e55},
  doi     = {10.7717/peerj-cs.55},
  journal = {PeerJ Computer Science}
}

@article{schwarz1978EstimatingDimensionModel,
  title    = {Estimating the {{Dimension}} of a {{Model}}},
  author   = {Schwarz, Gideon},
  year     = {1978},
  volume   = {6},
  pages    = {461--464},
  doi      = {10.1214/aos/1176344136},
  journal  = {The Annals of Statistics},
  mrnumber = {MR468014},
  number   = {2},
  zmnumber = {0379.62005}
}

@article{shimojo2003GazeBiasBoth,
  ids     = {shimojoGazeBiasBoth2003a},
  title   = {Gaze Bias Both Reflects and Influences Preference},
  author  = {Shimojo, Shinsuke and Simion, Claudiu and Shimojo, Eiko and Scheier, Christian},
  year    = {2003},
  volume  = {6},
  pages   = {1317--1322},
  doi     = {10.1038/nn1150},
  journal = {Nature Neuroscience},
  number  = {12},
  pmid    = {14608360}
}

@article{simonson1989ChoiceBasedReasons,
  title      = {Choice {{Based}} on {{Reasons}}: {{The Case}} of {{Attraction}} and {{Compromise Effects}}},
  shorttitle = {Choice {{Based}} on {{Reasons}}},
  author     = {Simonson, Itamar},
  year       = {1989},
  volume     = {16},
  pages      = {158--174},
  doi        = {10.1086/209205},
  journal    = {Journal of Consumer Research},
  number     = {2}
}

@article{smith2018AttentionChoiceDomains,
  title   = {Attention and Choice across Domains},
  author  = {Smith, Stephanie M. and Krajbich, Ian},
  year    = {2018},
  volume  = {147},
  pages   = {1810--1826},
  doi     = {10.1037/xge0000482},
  journal = {Journal of Experimental Psychology: General},
  number  = {12}
}

@article{soltani2012RangeNormalizationModelContextDependent,
  title      = {A {{Range}}-{{Normalization Model}} of {{Context}}-{{Dependent Choice}}: {{A New Model}} and {{Evidence}}},
  shorttitle = {A {{Range}}-{{Normalization Model}} of {{Context}}-{{Dependent Choice}}},
  author     = {Soltani, Alireza and De Martino, Benedetto and Camerer, Colin},
  year       = {2012},
  volume     = {8},
  doi        = {10.1371/journal.pcbi.1002607},
  journal    = {PLoS Computational Biology},
  number     = {7},
  pmcid      = {PMC3400579},
  pmid       = {22829761}
}

@article{stewart2016EyeMovementsRisky,
  title      = {Eye {{Movements}} in {{Risky Choice}}: {{Eye Movements}} in {{Risky Choice}}},
  shorttitle = {Eye {{Movements}} in {{Risky Choice}}},
  author     = {Stewart, Neil and Hermens, Frouke and Matthews, William J.},
  year       = {2016},
  volume     = {29},
  pages      = {116--136},
  doi        = {10.1002/bdm.1854},
  journal    = {Journal of Behavioral Decision Making},
  number     = {2-3}
}

@article{storn1997DifferentialEvolutionSimple,
  title   = {Differential {{Evolution}} \textendash{} {{A Simple}} and {{Efficient Heuristic}} for Global {{Optimization}} over {{Continuous Spaces}}},
  author  = {Storn, Rainer and Price, Kenneth},
  year    = {1997},
  volume  = {11},
  pages   = {341--359},
  doi     = {10.1023/A:1008202821328},
  journal = {Journal of Global Optimization},
  number  = {4}
}

@article{su2013MakingRiskyChoice,
  title      = {Is Making a Risky Choice Based on a Weighting and Adding Process? {{An}} Eye-Tracking Investigation.},
  shorttitle = {Is Making a Risky Choice Based on a Weighting and Adding Process?},
  author     = {Su, Yin and Rao, Li-Lin and Sun, Hong-Yue and Du, Xue-Lei and Li, Xingshan and Li, Shu},
  year       = {2013},
  volume     = {39},
  pages      = {1765--1780},
  doi        = {10.1037/a0032861},
  journal    = {Journal of Experimental Psychology: Learning, Memory, and Cognition},
  number     = {6}
}

@article{sui2020TimingGazecontingentDecision,
  title   = {The Timing of Gaze-Contingent Decision Prompts Influences Risky Choice},
  author  = {Sui, Xiao-Yang and Liu, Hong-Zhi and Rao, Li-Lin},
  year    = {2020},
  volume  = {195},
  pages   = {104077},
  doi     = {10.1016/j.cognition.2019.104077},
  journal = {Cognition}
}

@book{sutton2018ReinforcementLearningIntroduction,
  title      = {Reinforcement Learning: An Introduction},
  shorttitle = {Reinforcement Learning},
  author     = {Sutton, Richard S. and Barto, Andrew G.},
  year       = {2018},
  edition    = {Second edition},
  publisher  = {{The MIT Press}},
  address    = {{Cambridge, Massachusetts}},
  isbn       = {978-0-262-03924-6},
  lccn       = {Q325.6 .R45 2018},
  series     = {Adaptive Computation and Machine Learning Series}
}

@article{tavares2017AttentionalDriftDiffusion,
  ids     = {tavaresAttentionalDriftDiffusion2017a},
  title   = {The {{Attentional Drift Diffusion Model}} of {{Simple Perceptual Decision}}-{{Making}}},
  author  = {Tavares, Gabriela and Perona, Pietro and Rangel, Antonio},
  year    = {2017},
  volume  = {11},
  pages   = {468},
  doi     = {10.3389/fnins.2017.00468},
  journal = {Frontiers in Neuroscience},
  pmcid   = {PMC5573732},
  pmid    = {28894413}
}

@article{thomas2019GazeBiasDifferences,
  title     = {Gaze Bias Differences Capture Individual Choice Behaviour},
  author    = {Thomas, Armin W. and Molter, Felix and Krajbich, Ian and Heekeren, Hauke R. and Mohr, Peter N. C.},
  year      = {2019},
  volume    = {3},
  pages     = {625--635},
  doi       = {10.1038/s41562-019-0584-8},
  copyright = {2019 The Author(s), under exclusive licence to Springer Nature Limited},
  journal   = {Nature Human Behaviour},
  number    = {6}
}

@article{towal2013SimultaneousModelingVisual,
  title   = {Simultaneous Modeling of Visual Saliency and Value Computation Improves Predictions of Economic Choice},
  author  = {Towal, R. B. and Mormann, M. and Koch, C.},
  year    = {2013},
  volume  = {110},
  pages   = {E3858-E3867},
  doi     = {10.1073/pnas.1304429110},
  journal = {Proceedings of the National Academy of Sciences},
  number  = {40}
}

@article{trueblood2012MultialternativeContextEffects,
  title   = {Multialternative Context Effects Obtained Using an Inference Task},
  author  = {Trueblood, Jennifer S.},
  year    = {2012},
  volume  = {19},
  pages   = {962--968},
  doi     = {10.3758/s13423-012-0288-9},
  journal = {Psychonomic Bulletin \& Review},
  number  = {5}
}

@article{trueblood2013NotJustConsumers,
  title      = {Not {{Just}} for {{Consumers}}: {{Context Effects Are Fundamental}} to {{Decision Making}}},
  shorttitle = {Not {{Just}} for {{Consumers}}},
  author     = {Trueblood, Jennifer S. and Brown, Scott D. and Heathcote, Andrew and Busemeyer, Jerome R.},
  year       = {2013},
  volume     = {24},
  pages      = {901--908},
  doi        = {10.1177/0956797612464241},
  journal    = {Psychological Science},
  number     = {6}
}

@article{trueblood2014MultiattributeLinearBallistic,
  title   = {The Multiattribute Linear Ballistic Accumulator Model of Context Effects in Multialternative Choice},
  author  = {Trueblood, Jennifer S. and Brown, Scott D. and Heathcote, Andrew},
  year    = {2014},
  volume  = {121},
  pages   = {179--205},
  doi     = {10.1037/a0036137},
  journal = {Psychological Review},
  number  = {2}
}

@article{trueblood2015FragileNatureContextual,
  title      = {The Fragile Nature of Contextual Preference Reversals: {{Reply}} to {{Tsetsos}}, {{Chater}}, and {{Usher}} (2015)},
  shorttitle = {The Fragile Nature of Contextual Preference Reversals},
  author     = {Trueblood, Jennifer S. and Brown, Scott D. and Heathcote, Andrew},
  year       = {2015},
  volume     = {122},
  pages      = {848--853},
  doi        = {10.1037/a0039656},
  journal    = {Psychological Review},
  number     = {4}
}

@article{tsetsos2012SalienceDrivenValue,
  title   = {Salience Driven Value Integration Explains Decision Biases and Preference Reversal},
  author  = {Tsetsos, Konstantinos and Chater, Nick and Usher, Marius},
  year    = {2012},
  volume  = {109},
  pages   = {9659--9664},
  doi     = {10.1073/pnas.1119569109},
  journal = {Proceedings of the National Academy of Sciences},
  number  = {24},
  pmid    = {22635271}
}

@article{turner2018CompetingTheoriesMultialternative,
  title   = {Competing Theories of Multialternative, Multiattribute Preferential Choice},
  author  = {Turner, Brandon M. and Schley, Dan R. and Muller, Carly and Tsetsos, Konstantinos},
  year    = {2018},
  volume  = {125},
  pages   = {329--362},
  doi     = {10.1037/rev0000089},
  journal = {Psychological Review},
  number  = {3}
}

@article{tversky1972EliminationAspectsTheory,
  title      = {Elimination by Aspects: {{A}} Theory of Choice},
  shorttitle = {Elimination by Aspects},
  author     = {Tversky, Amos},
  year       = {1972},
  volume     = {79},
  pages      = {281--299},
  doi        = {10.1037/h0032955},
  journal    = {Psychological Review},
  number     = {4}
}

@article{tversky1992AdvancesProspectTheory,
  title      = {Advances in Prospect Theory: {{Cumulative}} Representation of Uncertainty},
  shorttitle = {Advances in Prospect Theory},
  author     = {Tversky, Amos and Kahneman, Daniel},
  year       = {1992},
  volume     = {5},
  pages      = {297--323},
  doi        = {10.1007/BF00122574},
  journal    = {Journal of Risk and Uncertainty},
  number     = {4}
}

@article{tversky1993ContextDependentPreferences,
  title   = {Context-{{Dependent Preferences}}},
  author  = {Tversky, Amos and Simonson, Itamar},
  year    = {1993},
  volume  = {39},
  pages   = {1179--1189},
  journal = {Management Science},
  number  = {10}
}

@article{usher2001TimeCoursePerceptual,
  title      = {The Time Course of Perceptual Choice: {{The}} Leaky, Competing Accumulator Model},
  shorttitle = {The Time Course of Perceptual Choice},
  author     = {Usher, Marius and McClelland, James L.},
  year       = {2001},
  volume     = {108},
  pages      = {550--592},
  doi        = {10.1037/0033-295X.108.3.550},
  journal    = {Psychological Review},
  number     = {3}
}

@article{usher2004LossAversionInhibition,
  title   = {Loss {{Aversion}} and {{Inhibition}} in {{Dynamical Models}} of {{Multialternative Choice}}},
  author  = {Usher, Marius and McClelland, James L.},
  year    = {2004},
  volume  = {111},
  pages   = {757--769},
  doi     = {10.1037/0033-295X.111.3.757},
  journal = {Psychological Review},
  number  = {3}
}

@article{vaidya2015TestingNecessaryRegional,
  ids     = {vaidyaTestingNecessaryRegional2015a},
  title   = {Testing Necessary Regional Frontal Contributions to Value Assessment and Fixation-Based Updating},
  author  = {Vaidya, Avinash R. and Fellows, Lesley K.},
  year    = {2015},
  volume  = {6},
  pages   = {10120},
  doi     = {10.1038/ncomms10120},
  journal = {Nature Communications},
  pmcid   = {PMC4682105},
  pmid    = {26658289}
}

@book{vonneumann1947TheoryGamesEconomic,
  title     = {Theory of Games and Economic Behavior},
  author    = {Von Neumann, John and Morgenstern, Oskar},
  year      = {1947},
  edition   = {2. ed.},
  publisher = {{Princeton University Press}},
  address   = {{Princeton}}
}

@misc{waskom2020seaborn,
  title        = {Mwaskom/Seaborn},
  author       = {Waskom, Michael and seaborn development {team}, the},
  year         = {2020},
  doi          = {10.5281/zenodo.592845},
  howpublished = {Zenodo}
}

@article{wedell1991DistinguishingModelsContextually,
  title   = {Distinguishing among Models of Contextually Induced Preference Reversals},
  author  = {Wedell, Douglas H.},
  year    = {1991},
  volume  = {17},
  pages   = {767--778},
  doi     = {10.1037/0278-7393.17.4.767},
  journal = {Journal of Experimental Psychology: Learning, Memory, and Cognition},
  number  = {4}
}

@article{westfall2017StatisticalDetailsDefault,
  title         = {Statistical Details of the Default Priors in the {{Bambi}} Library},
  author        = {Westfall, Jacob},
  year          = {2017},
  archiveprefix = {arXiv},
  eprint        = {1702.01201},
  eprinttype    = {arxiv},
  journal       = {arXiv:1702.01201 [stat]},
  primaryclass  = {stat}
}

@article{wollschlager20122NaryChoiceTree,
  title   = {The {{2N}}-Ary {{Choice Tree Model}} for {{N}}-{{Alternative Preferential Choice}}},
  author  = {Wollschl{\"a}ger, Lena Maria and Diederich, Adele},
  year    = {2012},
  volume  = {3},
  doi     = {10.3389/fpsyg.2012.00189},
  journal = {Frontiers in Psychology}
}

@article{yarkoni2016BambiSimpleInterface,
  title      = {Bambi: {{A}} Simple Interface for Fitting {{Bayesian}} Mixed Effects Models},
  shorttitle = {Bambi},
  author     = {Yarkoni, Tal and Westfall, Jake},
  year       = {2016},
  doi        = {10.31219/osf.io/rv7sn}
}


